<?xml version="1.0" encoding="UTF-8"?>
<record xmlns="http://www.loc.gov/MARC21/slim">
   <leader>01098cam a2200217 a 4500</leader>
   <controlfield tag="001">858727</controlfield>
   <controlfield tag="003">NjP</controlfield>
   <controlfield tag="005">20171025091700.0</controlfield>
   <controlfield tag="008">940106s1867    le            000 0 ara d</controlfield>
   <datafield tag="024" ind1="7" ind2=" ">
      <subfield code="a">princeton_aco003560</subfield>
      <subfield code="2">local</subfield>
   </datafield>
   <datafield ind1=" " ind2=" " tag="035">
      <subfield code="a">(OCoLC)29707283</subfield>
   </datafield>
   <datafield ind1=" " ind2=" " tag="035">
      <subfield code="a">(CStRLIN)NJPG94-B931</subfield>
   </datafield>
   <datafield ind1=" " ind2=" " tag="035">
      <subfield code="9">CAX5969TS</subfield>
   </datafield>
   <datafield ind1=" " ind2=" " tag="040">
      <subfield code="a">NjP</subfield>
      <subfield code="c">NjP</subfield>
   </datafield>
   <datafield ind1="0" ind2="3" tag="245">
      <subfield code="a">al-Qawānīn al-tijārīyah.</subfield>
   </datafield>
   <datafield ind1=" " ind2=" " tag="260">
      <subfield code="a">Bayrūt :</subfield>
      <subfield code="b">al-Maṭbaʻahh al-Sharqīyah,</subfield>
      <subfield code="c">1867.</subfield>
   </datafield>
   <datafield ind1=" " ind2=" " tag="300">
      <subfield code="a">79 p., 52p ;</subfield>
      <subfield code="c">21 cm.</subfield>
   </datafield>
   <datafield ind1=" " ind2=" " tag="590">
      <subfield code="a">With: Dhayl al-qānūn al-tijārī al-humāyūnī / tarjamat Anṭūn ʻĪd Ṣabbāgh. Bayrūt : al-Maṭbaʻah al-ʻUmūmīyah, 1868. Niẓām uṣūl al-murāfaʻāt wa-al-muḥākamāt fī al-majālis al-tijārīyah / tarjamat Anṭūn ʻĪd Sabbāgh. Bayrūt : al-Maṭbaʻah al-ʻUmūmīyah, 1867. Bound together subsequent to publication.</subfield>
   </datafield>
   <datafield ind1=" " ind2="0" tag="650">
      <subfield code="a">Commercial law.</subfield>
      <subfield code="0">http://id.loc.gov/authorities/subjects/sh85028940</subfield>
   </datafield>
   <datafield ind1=" " ind2="0" tag="650">
      <subfield code="a">Trade regulation.</subfield>
      <subfield code="0">http://id.loc.gov/authorities/subjects/sh85136505</subfield>
   </datafield>
   <datafield ind1=" " ind2=" " tag="998">
      <subfield code="a">01/20/94</subfield>
      <subfield code="s">9114</subfield>
      <subfield code="n">NjP</subfield>
      <subfield code="w">NJPG94B931</subfield>
      <subfield code="d">01/06/94</subfield>
      <subfield code="c">KC</subfield>
      <subfield code="b">JAB</subfield>
      <subfield code="i">940120</subfield>
      <subfield code="l">NJPG</subfield>
   </datafield>
   <datafield ind1=" " ind2=" " tag="911">
      <subfield code="a">19940127</subfield>
   </datafield>
   <datafield ind1=" " ind2=" " tag="912">
      <subfield code="a">19940120000000.0</subfield>
   </datafield>
   <datafield ind1="0" ind2="0" tag="852">
      <subfield code="0">978700</subfield>
      <subfield code="b">rcppa</subfield>
      <subfield code="t">1</subfield>
      <subfield code="h">K1005.4</subfield>
      <subfield code="i">.Q382 1867</subfield>
      <subfield code="x">tr fr anxa</subfield>
   </datafield>
   <datafield ind1=" " ind2=" " tag="959">
      <subfield code="a">2000-06-13 00:00:00 -0400</subfield>
   </datafield>
</record>
